<record><leader>00000cas a22000007a 4500</leader><controlfield tag="001">20650264</controlfield><controlfield tag="008">891115d19521960aruwr ne      0    0eng d</controlfield><datafield ind1=" " ind2=" " tag="010"><subfield code="a">sn 89051418 </subfield></datafield><datafield ind1=" " ind2=" " tag="040"><subfield code="a">ANU</subfield><subfield code="b">eng</subfield><subfield code="c">ANU</subfield><subfield code="d">OCLCQ</subfield><subfield code="d">OCLCF</subfield><subfield code="d">OCLCO</subfield></datafield><datafield ind1=" " ind2=" " tag="042"><subfield code="a">msc</subfield></datafield><datafield ind1=" " ind2=" " tag="043"><subfield code="a">n-us-ar</subfield></datafield><datafield ind1="0" ind2=" " tag="130"><subfield code="a">Alma news (Alma, Ark.)</subfield></datafield><datafield ind1="1" ind2="4" tag="245"><subfield code="a">The Alma news.</subfield></datafield><datafield ind1=" " ind2=" " tag="260"><subfield code="a">Alma, Ark. :</subfield><subfield code="b">Mr. and Mrs. Doug Perry</subfield></datafield><datafield ind1=" " ind2=" " tag="300"><subfield code="a">v.</subfield></datafield><datafield ind1=" " ind2=" " tag="310"><subfield code="a">Weekly</subfield></datafield><datafield ind1="1" ind2=" " tag="362"><subfield code="a">Began in 1952.</subfield></datafield><datafield ind1="0" ind2=" " tag="362"><subfield code="a">-v. 9, no. 1 (July 28, 1960).</subfield></datafield><datafield ind1=" " ind2=" " tag="500"><subfield code="a">Published by H.J. Bradley, Jan. 7-July 28, 1960.</subfield></datafield><datafield ind1=" " ind2=" " tag="588"><subfield code="a">Description based on: Vol. 1, no. 21 (Jan. 8, 1953).</subfield></datafield><datafield ind1=" " ind2="0" tag="651"><subfield code="a">Alma (Ark.)</subfield><subfield code="v">Newspapers.</subfield></datafield><datafield ind1=" " ind2="7" tag="655"><subfield code="a">Newspapers.</subfield><subfield code="2">fast</subfield><subfield code="0">(OCoLC)fst01423814</subfield></datafield><datafield ind1=" " ind2="7" tag="651"><subfield code="a">Arkansas</subfield><subfield code="z">Alma.</subfield><subfield code="2">fast</subfield><subfield code="0">(OCoLC)fst01226286</subfield></datafield><datafield ind1=" " ind2=" " tag="752"><subfield code="a">United States</subfield><subfield code="b">Arkansas</subfield><subfield code="c">Crawford</subfield><subfield code="d">Alma.</subfield></datafield><datafield ind1="0" ind2="0" tag="785"><subfield code="t">Alma news-herald</subfield><subfield code="w">(DLC)sn 89051439</subfield></datafield></record>